<record xmlns="http://www.loc.gov/MARC21/slim" xmlns:xsi="http://www.w3.org/2001/XMLSchema-instance" xsi:schemaLocation="http://www.loc.gov/MARC21/slim http://www.loc.gov/standards/marcxml/schema/MARC21slim.xsd">

  <leader>00414nam a2200133Ia 4500</leader>
  <datafield ind2=" " ind1=" " tag="999">
    <subfield code="c">1803</subfield>
    <subfield code="d">1803</subfield>
  </datafield>
  <controlfield tag="008">180423b1995    cr ||||| |||| 00| | spa d</controlfield>
  <datafield tag="090" ind2=" " ind1=" ">
    <subfield code="a">06.03.06</subfield>
    <subfield code="b"> 517</subfield>
  </datafield>
  <datafield ind1="2" ind2=" " tag="110">
    <subfield code="a">Consejo del Sistema de Educación General</subfield>
    <subfield code="9">3602</subfield>
  </datafield>
  <datafield tag="245" ind2="0" ind1="1">
    <subfield code="a">Consideraciones en torno a la formación general humanística</subfield>
  </datafield>
  <datafield ind1=" " ind2=" " tag="260">
    <subfield code="a">San José, Costa Rica : </subfield>
    <subfield code="b">El Consejo, </subfield>
    <subfield code="c">1995</subfield>
  </datafield>
  <datafield tag="300" ind1=" " ind2=" ">
    <subfield code="a">28 páginas</subfield>
  </datafield>
  <datafield ind2="4" ind1="2" tag="610">
    <subfield code="a">UNIVERSIDAD DE COSTA RICA</subfield>
    <subfield code="9">714</subfield>
  </datafield>
  <datafield ind1="1" ind2="4" tag="650">
    <subfield code="a">EDUCACIÓN SUPERIOR</subfield>
    <subfield code="9">8</subfield>
  </datafield>
  <datafield ind1=" " ind2=" " tag="942">
    <subfield code="2">z</subfield>
    <subfield code="c">01</subfield>
  </datafield>
</record>